@inproceedings{Pey17,
  author    = {Simon {Peyton Jones}},
  title     = {How to Write a Great Research Paper},
  booktitle = {2017 Imperial College Computing Student Workshop, {ICCSW} 2017, September
               26-27, 2017, London, {UK}},
  pages     = {1:1--1:1},
  year      = {2017},    
  
}

@book{Wil09,
  title={Style: the basics of clarity and grace},
  author={Williams, Joseph M and Bizup, Joseph},
  year={2009},
  publisher={Pearson Longman}
}

@book{Pin15,
  title={The sense of style: The thinking person's guide to writing in the 21st century},
  author={Pinker, Steven},
  year={2015},
  publisher={Penguin Books}
}

@book{StrWhi07,
  title={The Elements of style},
  author={Strunk, William and Whyte, EB},
  year={2007},
  publisher={Penguin}
}

@book{Von80,
  title={How to write with style},
  author={Vonnegut, Kurt},
  year={1980},
  publisher={International Paper Company}
}

@incollection{Orw68,
  title={Politics and the {English} language},
  author={Orwell, George},
  booktitle={The collected essays, journalism and letters of George Orwell},
  pages={127--140},
  year={1968},
  publisher={Harcourt, Brace, Javanovich}
}

/%-- MY REFERENCES  --%/
@article{nhsmedtakingpercenteges,
    title={NHS survey reports almost half of adults in England on prescription medicines},
    journal = {The Pharmaceutical Journal},
    year = 2018,
    number = 7909,
    volume = 300
}

@article{perez2019mobile,
  title={Mobile apps for increasing treatment adherence: systematic review},
  author={P{\'e}rez-Jover, Virtudes and Sala-Gonz{\'a}lez, Marina and Guilabert, Mercedes and Mira, Jos{\'e} Joaqu{\'\i}n},
  journal={Journal of medical Internet research},
  volume={21},
  number={6},
  pages={e12505},
  year={2019},
  publisher={JMIR Publications Inc., Toronto, Canada}
}

@inproceedings{brush2005survey,
  title={A Survey of personal and household scheduling},
  author={Brush, AJ Bernheim and Turner, Tammara Combs},
  booktitle={Proceedings of the 2005 international ACM SIGGROUP conference on Supporting group work},
  pages={330--331},
  year={2005}
}

@article{saini2009effect,
  title={Effect of medication dosing frequency on adherence in chronic diseases},
  author={Saini, Sameer D and Schoenfeld, Philip and Kaulback, Kellee and Dubinsky, Marla C},
  journal={Methods},
  year={2009}
}

@article{lerouge2013user,
  title={User profiles and personas in the design and development of consumer health technologies},
  author={LeRouge, Cynthia and Ma, Jiao and Sneha, Sweta and Tolle, Kristin},
  journal={International journal of medical informatics},
  volume={82},
  number={11},
  pages={e251--e268},
  year={2013},
  publisher={Elsevier}
}

 @misc{rees, title={What is wireframing}, url={https://www.experienceux.co.uk/faqs/what-is-wireframing/}, journal={Experience UX}, author={Rees, Damian}, year=2020} 

 @misc{gitlab, title={Advantages of a single application},
 url={https://about.gitlab.com/handbook/product/single-application/},
 year=2020,journal={GitLab}} 
 
 @article{calendar,
author = {Tungare, Manas and Pérez-Quiñones, Manuel and Sams, Alyssa},
year = {2008},
month = {10},
pages = {},
title = {An Exploratory Study of Calendar Use}
}
@misc{ecal_2020, title={70\% of adults rely on digital calendar}, url={https://ecal.com/70-percent-of-adults-rely-on-digital-calendar/}, journal={ECAL}, publisher={ECAL}, year={2018}, month={May}}

@article{salvi2006ageing,
  title={Ageing changes in the eye},
  author={Salvi, SM and Akhtar, Sm and Currie, Z},
  journal={Postgraduate medical journal},
  volume={82},
  number={971},
  pages={581--587},
  year={2006},
  publisher={The Fellowship of Postgraduate Medicine}
}

@article{bedell2000discrepancies,
  title={Discrepancies in the use of medications: their extent and predictors in an outpatient practice},
  author={Bedell, Susanna E and Jabbour, Samer and Goldberg, Robert and Glaser, Helene and Gobble, Susan and Young-Xu, Yinong and Graboys, Thomas B and Ravid, Shmuel},
  journal={Archives of Internal Medicine},
  volume={160},
  number={14},
  pages={2129--2134},
  year={2000},
  publisher={American Medical Association}
}

@book{sabate2003adherence,
  title={Adherence to long-term therapies: evidence for action},
  author={Sabat{\'e}, Eduardo and Sabat{\'e}, Eduardo and others},
  year={2003},
  publisher={World Health Organization}
}

@article{schwartz2017pillbox,
  title={Pillbox use, satisfaction, and effectiveness among persons with chronic health conditions},
  author={Schwartz, Jaclyn K},
  journal={Assistive Technology},
  volume={29},
  number={4},
  pages={181--187},
  year={2017},
  publisher={Taylor \& Francis}
}

@article{e2013descriptive,
  title={A descriptive study about the use of pillboxes by older adults},
  author={e Souza, Frank Roger Defanti and da Silva Santana, Carla},
  journal={Health},
  volume={2013},
  year={2013},
  publisher={Scientific Research Publishing}
}

@article{Zogg2011TheRO,
  title={The role of prospective memory in medication adherence: a review of an emerging literature},
  author={J. Zogg and S. Woods and J. Sauceda and J. S. Wiebe and J. Simoni},
  journal={Journal of Behavioral Medicine},
  year={2011},
  volume={35},
  pages={47-62}
}
@article{maylor1990age,
  title={Age and prospective memory},
  author={Maylor, Elizabeth A},
  journal={The Quarterly Journal of Experimental Psychology Section A},
  volume={42},
  number={3},
  pages={471--493},
  year={1990},
  publisher={SAGE Publications Sage UK: London, England}
}

@misc{matthewboyler, 
title={Mobile internet statistics - 2020}, url={https://www.finder.com/uk/mobile-internet-statistics}, 
journal={Finder UK}, 
publisher={finder}, 
author={Boyle}, year={2020}, month={Nov}}

@article{feddern2008google,
  title={Google calendar},
  author={Feddern-Bekcan, Tanya},
  journal={Journal of the Medical Library Association: JMLA},
  volume={96},
  number={4},
  pages={394},
  year={2008},
  publisher={Medical Library Association}
}

@article{el2017google,
  title={Google calendar enhances prospective memory in Alzheimer’s disease: A case report},
  author={El Haj, Mohamad and Gallouj, Karim and Antoine, Pascal},
  journal={Journal of Alzheimer's disease},
  volume={57},
  number={1},
  pages={285--291},
  year={2017},
  publisher={IOS Press}
}

@misc{vanneldas_2020, title={Annoying push notifications and other reasons why people uninstall apps}, url={https://bootcamp.uxdesign.cc/8-reasons-why-people-uninstall-apps-3bc72f701236}, journal={Medium}, publisher={Bootcamp}, author={Vanneldas, Saikrishna}, year={2020}, month={Dec}}

@book{snyder2003paper,
  title={Paper prototyping: The fast and easy way to design and refine user interfaces},
  author={Snyder, Carolyn},
  year={2003},
  publisher={Morgan Kaufmann}
}

@article{pasina2014medication,
  title={Medication non-adherence among elderly patients newly discharged and receiving polypharmacy},
  author={Pasina, L and Brucato, AL and Falcone, C and Cucchi, E and Bresciani, A and Sottocorno, M and Taddei, GC and Casati, M and Franchi, C and Djade, CD and others},
  journal={Drugs \& aging},
  volume={31},
  number={4},
  pages={283--289},
  year={2014},
  publisher={Springer}
}

@article{pibernik2019effects,
  title={The Effects of the Floating Action Button on Quality of Experience},
  author={Pibernik, Jesenka and Dolic, Jurica and Milicevic, Hrvoje Abraham and Kanizaj, Bojan},
  journal={Future Internet},
  volume={11},
  number={7},
  pages={148},
  year={2019},
  publisher={Multidisciplinary Digital Publishing Institute}
}

@misc{hardt2012oauth,
  title={The OAuth 2.0 authorization framework},
  author={Hardt, Dick and others},
  year={2012},
  publisher={RFC 6749, October}
}

@article{waters2009prioritization,
  title={Prioritization using moscow},
  author={Waters, Kelly},
  journal={Agile Planning},
  volume={12},
  pages={31},
  year={2009}
}

}